%YAML 1.1
%TAG !u! tag:unity3d.com,2011:
--- !u!91 &9100000
AnimatorController:
  m_ObjectHideFlags: 0
  m_PrefabParentObject: {fileID: 0}
  m_PrefabInternal: {fileID: 0}
  m_Name: NewDemonAC
  serializedVersion: 2
  m_AnimatorParameters:
  - m_Name: attack1
    m_Type: 9
    m_DefaultFloat: 0
    m_DefaultInt: 0
    m_DefaultBool: 0
    m_Controller: {fileID: 9100000}
  - m_Name: die
    m_Type: 9
    m_DefaultFloat: 0
    m_DefaultInt: 0
    m_DefaultBool: 0
    m_Controller: {fileID: 9100000}
  - m_Name: speed
    m_Type: 1
    m_DefaultFloat: 0
    m_DefaultInt: 0
    m_DefaultBool: 0
    m_Controller: {fileID: 9100000}
  - m_Name: forceIdle
    m_Type: 9
    m_DefaultFloat: 0
    m_DefaultInt: 0
    m_DefaultBool: 0
    m_Controller: {fileID: 9100000}
  - m_Name: fly
    m_Type: 9
    m_DefaultFloat: 0
    m_DefaultInt: 0
    m_DefaultBool: 0
    m_Controller: {fileID: 9100000}
  m_AnimatorLayers:
  - serializedVersion: 3
    m_Name: Base Layer
    m_StateMachine: {fileID: 110700000}
    m_Mask: {fileID: 0}
    m_BlendingMode: 0
    m_SyncedLayerIndex: -1
    m_StateMachineMotionSetIndex: 0
    m_DefaultWeight: 0
    m_IKPass: 0
    m_SyncedLayerAffectsTiming: 0
    m_Controller: {fileID: 9100000}
--- !u!1101 &110100000
Transition:
  serializedVersion: 2
  m_ObjectHideFlags: 3
  m_PrefabParentObject: {fileID: 0}
  m_PrefabInternal: {fileID: 0}
  m_Name: 
  m_SrcState: {fileID: 0}
  m_DstState: {fileID: 110271853}
  m_TransitionDuration: .100000001
  m_TransitionOffset: 0
  m_Conditions:
  - m_ConditionMode: 1
    m_ConditionEvent: die
    m_EventTreshold: 0
    m_ExitTime: .899999976
  m_Atomic: 1
  m_Solo: 0
  m_Mute: 0
  m_CanTransitionToSelf: 0
--- !u!1101 &110121494
Transition:
  serializedVersion: 2
  m_ObjectHideFlags: 3
  m_PrefabParentObject: {fileID: 0}
  m_PrefabInternal: {fileID: 0}
  m_Name: 
  m_SrcState: {fileID: 110239926}
  m_DstState: {fileID: 110239644}
  m_TransitionDuration: .249999523
  m_TransitionOffset: 0
  m_Conditions:
  - m_ConditionMode: 5
    m_ConditionEvent: 
    m_EventTreshold: 0
    m_ExitTime: .750000477
  m_Atomic: 1
  m_Solo: 0
  m_Mute: 0
  m_CanTransitionToSelf: 0
--- !u!1101 &110133621
Transition:
  serializedVersion: 2
  m_ObjectHideFlags: 3
  m_PrefabParentObject: {fileID: 0}
  m_PrefabInternal: {fileID: 0}
  m_Name: 
  m_SrcState: {fileID: 110279469}
  m_DstState: {fileID: 110200000}
  m_TransitionDuration: .125
  m_TransitionOffset: 0
  m_Conditions:
  - m_ConditionMode: 1
    m_ConditionEvent: forceIdle
    m_EventTreshold: 0
    m_ExitTime: .875
  m_Atomic: 1
  m_Solo: 0
  m_Mute: 0
  m_CanTransitionToSelf: 0
--- !u!1101 &110133676
Transition:
  serializedVersion: 2
  m_ObjectHideFlags: 3
  m_PrefabParentObject: {fileID: 0}
  m_PrefabInternal: {fileID: 0}
  m_Name: 
  m_SrcState: {fileID: 110239644}
  m_DstState: {fileID: 110271874}
  m_TransitionDuration: .299999774
  m_TransitionOffset: 0
  m_Conditions:
  - m_ConditionMode: 1
    m_ConditionEvent: fly
    m_EventTreshold: 0
    m_ExitTime: .700000226
  m_Atomic: 1
  m_Solo: 0
  m_Mute: 0
  m_CanTransitionToSelf: 0
--- !u!1101 &110136274
Transition:
  serializedVersion: 2
  m_ObjectHideFlags: 3
  m_PrefabParentObject: {fileID: 0}
  m_PrefabInternal: {fileID: 0}
  m_Name: 
  m_SrcState: {fileID: 110200000}
  m_DstState: {fileID: 110279469}
  m_TransitionDuration: .124999881
  m_TransitionOffset: 0
  m_Conditions:
  - m_ConditionMode: 1
    m_ConditionEvent: attack1
    m_EventTreshold: 0
    m_ExitTime: .875000119
  m_Atomic: 1
  m_Solo: 0
  m_Mute: 0
  m_CanTransitionToSelf: 0
--- !u!1101 &110158457
Transition:
  serializedVersion: 2
  m_ObjectHideFlags: 3
  m_PrefabParentObject: {fileID: 0}
  m_PrefabInternal: {fileID: 0}
  m_Name: 
  m_SrcState: {fileID: 110279469}
  m_DstState: {fileID: 110200000}
  m_TransitionDuration: .125
  m_TransitionOffset: 0
  m_Conditions:
  - m_ConditionMode: 5
    m_ConditionEvent: 
    m_EventTreshold: 0
    m_ExitTime: .875
  m_Atomic: 1
  m_Solo: 0
  m_Mute: 0
  m_CanTransitionToSelf: 0
--- !u!1101 &110167501
Transition:
  serializedVersion: 2
  m_ObjectHideFlags: 3
  m_PrefabParentObject: {fileID: 0}
  m_PrefabInternal: {fileID: 0}
  m_Name: 
  m_SrcState: {fileID: 110295371}
  m_DstState: {fileID: 110200000}
  m_TransitionDuration: .374999285
  m_TransitionOffset: 0
  m_Conditions:
  - m_ConditionMode: 5
    m_ConditionEvent: 
    m_EventTreshold: 0
    m_ExitTime: .625000715
  m_Atomic: 1
  m_Solo: 0
  m_Mute: 0
  m_CanTransitionToSelf: 0
--- !u!1101 &110186412
Transition:
  serializedVersion: 2
  m_ObjectHideFlags: 3
  m_PrefabParentObject: {fileID: 0}
  m_PrefabInternal: {fileID: 0}
  m_Name: 
  m_SrcState: {fileID: 110200000}
  m_DstState: {fileID: 110239926}
  m_TransitionDuration: .124999881
  m_TransitionOffset: 0
  m_Conditions:
  - m_ConditionMode: 3
    m_ConditionEvent: speed
    m_EventTreshold: .200000003
    m_ExitTime: .875000119
  m_Atomic: 1
  m_Solo: 0
  m_Mute: 0
  m_CanTransitionToSelf: 0
--- !u!1101 &110188847
Transition:
  serializedVersion: 2
  m_ObjectHideFlags: 3
  m_PrefabParentObject: {fileID: 0}
  m_PrefabInternal: {fileID: 0}
  m_Name: 
  m_SrcState: {fileID: 110271874}
  m_DstState: {fileID: 110295371}
  m_TransitionDuration: .299999774
  m_TransitionOffset: 0
  m_Conditions:
  - m_ConditionMode: 4
    m_ConditionEvent: speed
    m_EventTreshold: .200000003
    m_ExitTime: .700000226
  m_Atomic: 1
  m_Solo: 0
  m_Mute: 0
  m_CanTransitionToSelf: 0
--- !u!1102 &110200000
State:
  m_ObjectHideFlags: 3
  m_PrefabParentObject: {fileID: 0}
  m_PrefabInternal: {fileID: 0}
  m_Name: Idle
  m_Speed: 1
  m_CycleOffset: 0
  m_Motions:
  - {fileID: 7400022, guid: 1d624740a75ac554882b9e9f2493ef33, type: 3}
  m_ParentStateMachine: {fileID: 110700000}
  m_Position: {x: -96, y: 144, z: 0}
  m_IKOnFeet: 1
  m_Mirror: 0
  m_Tag: 
--- !u!1102 &110239644
State:
  m_ObjectHideFlags: 3
  m_PrefabParentObject: {fileID: 0}
  m_PrefabInternal: {fileID: 0}
  m_Name: InAirAttack
  m_Speed: 1
  m_CycleOffset: 0
  m_Motions:
  - {fileID: 7400044, guid: 1d624740a75ac554882b9e9f2493ef33, type: 3}
  m_ParentStateMachine: {fileID: 110700000}
  m_Position: {x: 504, y: 144, z: 0}
  m_IKOnFeet: 1
  m_Mirror: 0
  m_Tag: 
--- !u!1102 &110239926
State:
  m_ObjectHideFlags: 3
  m_PrefabParentObject: {fileID: 0}
  m_PrefabInternal: {fileID: 0}
  m_Name: TakingOff
  m_Speed: 1
  m_CycleOffset: 0
  m_Motions:
  - {fileID: 7400036, guid: 1d624740a75ac554882b9e9f2493ef33, type: 3}
  m_ParentStateMachine: {fileID: 110700000}
  m_Position: {x: 216, y: 108, z: 0}
  m_IKOnFeet: 1
  m_Mirror: 0
  m_Tag: 
--- !u!1102 &110271853
State:
  m_ObjectHideFlags: 3
  m_PrefabParentObject: {fileID: 0}
  m_PrefabInternal: {fileID: 0}
  m_Name: Dying
  m_Speed: 1
  m_CycleOffset: 0
  m_Motions:
  - {fileID: 7400086, guid: 1d624740a75ac554882b9e9f2493ef33, type: 3}
  m_ParentStateMachine: {fileID: 110700000}
  m_Position: {x: 264, y: -24, z: 0}
  m_IKOnFeet: 1
  m_Mirror: 0
  m_Tag: 
--- !u!1102 &110271874
State:
  m_ObjectHideFlags: 3
  m_PrefabParentObject: {fileID: 0}
  m_PrefabInternal: {fileID: 0}
  m_Name: Flying
  m_Speed: 1
  m_CycleOffset: 0
  m_Motions:
  - {fileID: 7400038, guid: 1d624740a75ac554882b9e9f2493ef33, type: 3}
  m_ParentStateMachine: {fileID: 110700000}
  m_Position: {x: 432, y: 228, z: 0}
  m_IKOnFeet: 1
  m_Mirror: 0
  m_Tag: 
--- !u!1102 &110279469
State:
  m_ObjectHideFlags: 3
  m_PrefabParentObject: {fileID: 0}
  m_PrefabInternal: {fileID: 0}
  m_Name: Attacking1
  m_Speed: 1
  m_CycleOffset: 0
  m_Motions:
  - {fileID: 7400002, guid: 1d624740a75ac554882b9e9f2493ef33, type: 3}
  m_ParentStateMachine: {fileID: 110700000}
  m_Position: {x: -192, y: 312, z: 0}
  m_IKOnFeet: 1
  m_Mirror: 0
  m_Tag: 
--- !u!1102 &110295371
State:
  m_ObjectHideFlags: 3
  m_PrefabParentObject: {fileID: 0}
  m_PrefabInternal: {fileID: 0}
  m_Name: Landing
  m_Speed: 1
  m_CycleOffset: 0
  m_Motions:
  - {fileID: 7400056, guid: 1d624740a75ac554882b9e9f2493ef33, type: 3}
  m_ParentStateMachine: {fileID: 110700000}
  m_Position: {x: 180, y: 336, z: 0}
  m_IKOnFeet: 1
  m_Mirror: 0
  m_Tag: 
--- !u!1107 &110700000
StateMachine:
  serializedVersion: 2
  m_ObjectHideFlags: 3
  m_PrefabParentObject: {fileID: 0}
  m_PrefabInternal: {fileID: 0}
  m_Name: Base Layer
  m_DefaultState: {fileID: 110200000}
  m_States:
  - {fileID: 110200000}
  - {fileID: 110239926}
  - {fileID: 110239644}
  - {fileID: 110271874}
  - {fileID: 110295371}
  - {fileID: 110279469}
  - {fileID: 110271853}
  m_ChildStateMachine: []
  m_ChildStateMachinePosition: []
  m_OrderedTransitions:
    data:
      first: {fileID: 0}
      second:
      - {fileID: 110100000}
    data:
      first: {fileID: 110200000}
      second:
      - {fileID: 110186412}
      - {fileID: 110136274}
    data:
      first: {fileID: 110239926}
      second:
      - {fileID: 110121494}
    data:
      first: {fileID: 110239644}
      second:
      - {fileID: 110133676}
    data:
      first: {fileID: 110271874}
      second:
      - {fileID: 110188847}
    data:
      first: {fileID: 110295371}
      second:
      - {fileID: 110167501}
    data:
      first: {fileID: 110279469}
      second:
      - {fileID: 110133621}
      - {fileID: 110158457}
    data:
      first: {fileID: 110271853}
      second: []
  m_MotionSetCount: 1
  m_AnyStatePosition: {x: -24, y: -12, z: 0}
  m_ParentStateMachinePosition: {x: 800, y: 20, z: 0}
