%YAML 1.1
%TAG !u! tag:unity3d.com,2011:
--- !u!91 &9100000
AnimatorController:
  m_ObjectHideFlags: 0
  m_PrefabParentObject: {fileID: 0}
  m_PrefabInternal: {fileID: 0}
  m_Name: SkeletonAC
  serializedVersion: 2
  m_AnimatorParameters:
  - m_Name: attack1
    m_Type: 9
    m_DefaultFloat: 0
    m_DefaultInt: 0
    m_DefaultBool: 0
    m_Controller: {fileID: 9100000}
  - m_Name: attack2
    m_Type: 9
    m_DefaultFloat: 0
    m_DefaultInt: 0
    m_DefaultBool: 0
    m_Controller: {fileID: 9100000}
  - m_Name: attack3
    m_Type: 9
    m_DefaultFloat: 0
    m_DefaultInt: 0
    m_DefaultBool: 0
    m_Controller: {fileID: 9100000}
  - m_Name: die
    m_Type: 9
    m_DefaultFloat: 0
    m_DefaultInt: 0
    m_DefaultBool: 0
    m_Controller: {fileID: 9100000}
  - m_Name: speed
    m_Type: 1
    m_DefaultFloat: 0
    m_DefaultInt: 0
    m_DefaultBool: 0
    m_Controller: {fileID: 9100000}
  - m_Name: forceIdle
    m_Type: 9
    m_DefaultFloat: 0
    m_DefaultInt: 0
    m_DefaultBool: 0
    m_Controller: {fileID: 9100000}
  m_AnimatorLayers:
  - serializedVersion: 3
    m_Name: Base Layer
    m_StateMachine: {fileID: 110700000}
    m_Mask: {fileID: 0}
    m_BlendingMode: 0
    m_SyncedLayerIndex: -1
    m_StateMachineMotionSetIndex: 0
    m_DefaultWeight: 0
    m_IKPass: 0
    m_SyncedLayerAffectsTiming: 0
    m_Controller: {fileID: 9100000}
--- !u!1101 &110100000
Transition:
  serializedVersion: 2
  m_ObjectHideFlags: 3
  m_PrefabParentObject: {fileID: 0}
  m_PrefabInternal: {fileID: 0}
  m_Name: 
  m_SrcState: {fileID: 110200000}
  m_DstState: {fileID: 110234311}
  m_TransitionDuration: .12931028
  m_TransitionOffset: 0
  m_Conditions:
  - m_ConditionMode: 3
    m_ConditionEvent: speed
    m_EventTreshold: .200000003
    m_ExitTime: .87068975
  m_Atomic: 1
  m_Solo: 0
  m_Mute: 0
  m_CanTransitionToSelf: 0
--- !u!1101 &110100825
Transition:
  serializedVersion: 2
  m_ObjectHideFlags: 3
  m_PrefabParentObject: {fileID: 0}
  m_PrefabInternal: {fileID: 0}
  m_Name: 
  m_SrcState: {fileID: 110234311}
  m_DstState: {fileID: 110200000}
  m_TransitionDuration: .24999997
  m_TransitionOffset: 0
  m_Conditions:
  - m_ConditionMode: 1
    m_ConditionEvent: forceIdle
    m_EventTreshold: 0
    m_ExitTime: .75
  m_Atomic: 1
  m_Solo: 0
  m_Mute: 0
  m_CanTransitionToSelf: 0
--- !u!1101 &110118863
Transition:
  serializedVersion: 2
  m_ObjectHideFlags: 3
  m_PrefabParentObject: {fileID: 0}
  m_PrefabInternal: {fileID: 0}
  m_Name: 
  m_SrcState: {fileID: 110209814}
  m_DstState: {fileID: 110200000}
  m_TransitionDuration: .468747109
  m_TransitionOffset: 0
  m_Conditions:
  - m_ConditionMode: 5
    m_ConditionEvent: attack1
    m_EventTreshold: 0
    m_ExitTime: .531252861
  m_Atomic: 1
  m_Solo: 0
  m_Mute: 0
  m_CanTransitionToSelf: 0
--- !u!1101 &110127456
Transition:
  serializedVersion: 2
  m_ObjectHideFlags: 3
  m_PrefabParentObject: {fileID: 0}
  m_PrefabInternal: {fileID: 0}
  m_Name: 
  m_SrcState: {fileID: 110209814}
  m_DstState: {fileID: 110200000}
  m_TransitionDuration: .468747109
  m_TransitionOffset: 0
  m_Conditions:
  - m_ConditionMode: 1
    m_ConditionEvent: forceIdle
    m_EventTreshold: 0
    m_ExitTime: .531252861
  m_Atomic: 1
  m_Solo: 0
  m_Mute: 0
  m_CanTransitionToSelf: 0
--- !u!1101 &110135027
Transition:
  serializedVersion: 2
  m_ObjectHideFlags: 3
  m_PrefabParentObject: {fileID: 0}
  m_PrefabInternal: {fileID: 0}
  m_Name: 
  m_SrcState: {fileID: 110286482}
  m_DstState: {fileID: 110200000}
  m_TransitionDuration: .468750447
  m_TransitionOffset: 0
  m_Conditions:
  - m_ConditionMode: 5
    m_ConditionEvent: attack1
    m_EventTreshold: 0
    m_ExitTime: .531249523
  m_Atomic: 1
  m_Solo: 0
  m_Mute: 0
  m_CanTransitionToSelf: 0
--- !u!1101 &110139934
Transition:
  serializedVersion: 2
  m_ObjectHideFlags: 3
  m_PrefabParentObject: {fileID: 0}
  m_PrefabInternal: {fileID: 0}
  m_Name: 
  m_SrcState: {fileID: 0}
  m_DstState: {fileID: 110200946}
  m_TransitionDuration: .100000001
  m_TransitionOffset: 0
  m_Conditions:
  - m_ConditionMode: 1
    m_ConditionEvent: die
    m_EventTreshold: 0
    m_ExitTime: .899999976
  m_Atomic: 1
  m_Solo: 0
  m_Mute: 0
  m_CanTransitionToSelf: 0
--- !u!1101 &110152397
Transition:
  serializedVersion: 2
  m_ObjectHideFlags: 3
  m_PrefabParentObject: {fileID: 0}
  m_PrefabInternal: {fileID: 0}
  m_Name: 
  m_SrcState: {fileID: 110234311}
  m_DstState: {fileID: 110200000}
  m_TransitionDuration: .24999997
  m_TransitionOffset: 0
  m_Conditions:
  - m_ConditionMode: 4
    m_ConditionEvent: speed
    m_EventTreshold: .200000003
    m_ExitTime: .75
  m_Atomic: 1
  m_Solo: 0
  m_Mute: 0
  m_CanTransitionToSelf: 0
--- !u!1101 &110155387
Transition:
  serializedVersion: 2
  m_ObjectHideFlags: 3
  m_PrefabParentObject: {fileID: 0}
  m_PrefabInternal: {fileID: 0}
  m_Name: 
  m_SrcState: {fileID: 110200000}
  m_DstState: {fileID: 110223896}
  m_TransitionDuration: .12931028
  m_TransitionOffset: 0
  m_Conditions:
  - m_ConditionMode: 1
    m_ConditionEvent: attack1
    m_EventTreshold: 0
    m_ExitTime: .87068975
  m_Atomic: 1
  m_Solo: 0
  m_Mute: 0
  m_CanTransitionToSelf: 0
--- !u!1101 &110158129
Transition:
  serializedVersion: 2
  m_ObjectHideFlags: 3
  m_PrefabParentObject: {fileID: 0}
  m_PrefabInternal: {fileID: 0}
  m_Name: 
  m_SrcState: {fileID: 110223896}
  m_DstState: {fileID: 110200000}
  m_TransitionDuration: .468747109
  m_TransitionOffset: 0
  m_Conditions:
  - m_ConditionMode: 1
    m_ConditionEvent: forceIdle
    m_EventTreshold: 0
    m_ExitTime: .531252861
  m_Atomic: 1
  m_Solo: 0
  m_Mute: 0
  m_CanTransitionToSelf: 0
--- !u!1101 &110159107
Transition:
  serializedVersion: 2
  m_ObjectHideFlags: 3
  m_PrefabParentObject: {fileID: 0}
  m_PrefabInternal: {fileID: 0}
  m_Name: 
  m_SrcState: {fileID: 110200000}
  m_DstState: {fileID: 110209814}
  m_TransitionDuration: .12931028
  m_TransitionOffset: 0
  m_Conditions:
  - m_ConditionMode: 1
    m_ConditionEvent: attack2
    m_EventTreshold: 0
    m_ExitTime: .87068975
  m_Atomic: 1
  m_Solo: 0
  m_Mute: 0
  m_CanTransitionToSelf: 0
--- !u!1101 &110174518
Transition:
  serializedVersion: 2
  m_ObjectHideFlags: 3
  m_PrefabParentObject: {fileID: 0}
  m_PrefabInternal: {fileID: 0}
  m_Name: 
  m_SrcState: {fileID: 110286482}
  m_DstState: {fileID: 110200000}
  m_TransitionDuration: .468750447
  m_TransitionOffset: 0
  m_Conditions:
  - m_ConditionMode: 1
    m_ConditionEvent: forceIdle
    m_EventTreshold: 0
    m_ExitTime: .531249523
  m_Atomic: 1
  m_Solo: 0
  m_Mute: 0
  m_CanTransitionToSelf: 0
--- !u!1101 &110191136
Transition:
  serializedVersion: 2
  m_ObjectHideFlags: 3
  m_PrefabParentObject: {fileID: 0}
  m_PrefabInternal: {fileID: 0}
  m_Name: 
  m_SrcState: {fileID: 110200000}
  m_DstState: {fileID: 110286482}
  m_TransitionDuration: .12931028
  m_TransitionOffset: 0
  m_Conditions:
  - m_ConditionMode: 1
    m_ConditionEvent: attack3
    m_EventTreshold: 0
    m_ExitTime: .87068975
  m_Atomic: 1
  m_Solo: 0
  m_Mute: 0
  m_CanTransitionToSelf: 0
--- !u!1101 &110192240
Transition:
  serializedVersion: 2
  m_ObjectHideFlags: 3
  m_PrefabParentObject: {fileID: 0}
  m_PrefabInternal: {fileID: 0}
  m_Name: 
  m_SrcState: {fileID: 110223896}
  m_DstState: {fileID: 110200000}
  m_TransitionDuration: .468747109
  m_TransitionOffset: 0
  m_Conditions:
  - m_ConditionMode: 5
    m_ConditionEvent: attack1
    m_EventTreshold: 0
    m_ExitTime: .531252861
  m_Atomic: 1
  m_Solo: 0
  m_Mute: 0
  m_CanTransitionToSelf: 0
--- !u!1102 &110200000
State:
  m_ObjectHideFlags: 3
  m_PrefabParentObject: {fileID: 0}
  m_PrefabInternal: {fileID: 0}
  m_Name: Idle
  m_Speed: 1
  m_CycleOffset: 0
  m_Motions:
  - {fileID: 7400090, guid: fa6a209c674704842b9eac1929643ae1, type: 3}
  m_ParentStateMachine: {fileID: 110700000}
  m_Position: {x: -72, y: 108, z: 0}
  m_IKOnFeet: 1
  m_Mirror: 0
  m_Tag: 
--- !u!1102 &110200946
State:
  m_ObjectHideFlags: 3
  m_PrefabParentObject: {fileID: 0}
  m_PrefabInternal: {fileID: 0}
  m_Name: Dying
  m_Speed: 1.20000005
  m_CycleOffset: 0
  m_Motions:
  - {fileID: 7400126, guid: fa6a209c674704842b9eac1929643ae1, type: 3}
  m_ParentStateMachine: {fileID: 110700000}
  m_Position: {x: 244, y: -147, z: 0}
  m_IKOnFeet: 1
  m_Mirror: 0
  m_Tag: 
--- !u!1102 &110209814
State:
  m_ObjectHideFlags: 3
  m_PrefabParentObject: {fileID: 0}
  m_PrefabInternal: {fileID: 0}
  m_Name: Attacking2
  m_Speed: .800000012
  m_CycleOffset: 0
  m_Motions:
  - {fileID: 7400132, guid: fa6a209c674704842b9eac1929643ae1, type: 3}
  m_ParentStateMachine: {fileID: 110700000}
  m_Position: {x: 216, y: 12, z: 0}
  m_IKOnFeet: 1
  m_Mirror: 0
  m_Tag: 
--- !u!1102 &110223896
State:
  m_ObjectHideFlags: 3
  m_PrefabParentObject: {fileID: 0}
  m_PrefabInternal: {fileID: 0}
  m_Name: Attacking1
  m_Speed: .800000012
  m_CycleOffset: 0
  m_Motions:
  - {fileID: 7400134, guid: fa6a209c674704842b9eac1929643ae1, type: 3}
  m_ParentStateMachine: {fileID: 110700000}
  m_Position: {x: -132, y: -36, z: 0}
  m_IKOnFeet: 1
  m_Mirror: 0
  m_Tag: 
--- !u!1102 &110234311
State:
  m_ObjectHideFlags: 3
  m_PrefabParentObject: {fileID: 0}
  m_PrefabInternal: {fileID: 0}
  m_Name: Walking
  m_Speed: 1
  m_CycleOffset: 0
  m_Motions:
  - {fileID: 7400094, guid: fa6a209c674704842b9eac1929643ae1, type: 3}
  m_ParentStateMachine: {fileID: 110700000}
  m_Position: {x: 132, y: 216, z: 0}
  m_IKOnFeet: 1
  m_Mirror: 0
  m_Tag: 
--- !u!1102 &110286482
State:
  m_ObjectHideFlags: 3
  m_PrefabParentObject: {fileID: 0}
  m_PrefabInternal: {fileID: 0}
  m_Name: Attacking3
  m_Speed: .800000012
  m_CycleOffset: 0
  m_Motions:
  - {fileID: 7400136, guid: fa6a209c674704842b9eac1929643ae1, type: 3}
  m_ParentStateMachine: {fileID: 110700000}
  m_Position: {x: 288, y: 96, z: 0}
  m_IKOnFeet: 1
  m_Mirror: 0
  m_Tag: 
--- !u!1107 &110700000
StateMachine:
  serializedVersion: 2
  m_ObjectHideFlags: 3
  m_PrefabParentObject: {fileID: 0}
  m_PrefabInternal: {fileID: 0}
  m_Name: Base Layer
  m_DefaultState: {fileID: 110200000}
  m_States:
  - {fileID: 110200000}
  - {fileID: 110234311}
  - {fileID: 110209814}
  - {fileID: 110223896}
  - {fileID: 110286482}
  - {fileID: 110200946}
  m_ChildStateMachine: []
  m_ChildStateMachinePosition: []
  m_OrderedTransitions:
    data:
      first: {fileID: 0}
      second:
      - {fileID: 110139934}
    data:
      first: {fileID: 110200000}
      second:
      - {fileID: 110155387}
      - {fileID: 110159107}
      - {fileID: 110191136}
      - {fileID: 110100000}
    data:
      first: {fileID: 110234311}
      second:
      - {fileID: 110152397}
      - {fileID: 110100825}
    data:
      first: {fileID: 110209814}
      second:
      - {fileID: 110118863}
      - {fileID: 110127456}
    data:
      first: {fileID: 110223896}
      second:
      - {fileID: 110192240}
      - {fileID: 110158129}
    data:
      first: {fileID: 110286482}
      second:
      - {fileID: 110135027}
      - {fileID: 110174518}
    data:
      first: {fileID: 110200946}
      second: []
  m_MotionSetCount: 1
  m_AnyStatePosition: {x: -12, y: -192, z: 0}
  m_ParentStateMachinePosition: {x: 800, y: 20, z: 0}
